% Dummy reference
@book{texbook,
  author = {Donald E. Knuth},
  year = {1986},
  title = {The {\TeX} Book},
  publisher = {Addison-Wesley Professional}
}

% Análisis del malware BlackEnergy en sistemas de control industrial: %https://www.incibe.es/node/498108
%BlackEnergy: 
% El troyano que apagó Ucrania: https://www.welivesecurity.com/la-es/2016/01/05/troyano-%blackenergy-ataca-planta-energia-electrica-ucrania/